@article{recsi,
	author = "R.Garra, S.Martínez, J.M.Miret, F.Sebé",
	title = "Improving a smart metering system using elliptic curves and removing the trusted dealer",
	journal = "Actas XV Reunión Española sobre Criptología y Seguridad de la Información (RECSI)",
	year = 2018,
	number  = 2,
	pages   = {62-65},
	month   = 10,
}

@article{busom,
	author =       "N. Busom, R. Ptrilic, F. Sebé, C.Sorge and M. Valls",
	title =        "Efficient smart metering based on homomorphic encryptation",
	journal =      "Computer Comunications",
	volume =       "82",
	pages =        "95--101",
	year =         "2016",
}

@misc{ciglib,
	author = {Sergi Simón Balcells, Oriol Alàs Cercós, Victor Mateu, ...},
	title = {{CiGLib}},
	howpublished = "\url{http://github.com/Oriolac/cig-lib/}",
	year = {2020},
}

@misc{smart,
	author = {Sergi Simón Balcells, Oriol Alàs Cercós},
	title = {{RECSI implementation}},
	howpublished = "\url{http://github.com/Oriolac/smart-metering-simulation/}",
	year = {2020},
}