@article{recsi,
	author = "R.Garra, S.Martínez, J.M.Miret and F.Sebé",
	title = "Improving a smart metering system using elliptic curves and removing the trusted dealer",
	journal = "Actas XV Reunión Española sobre Criptología y Seguridad de la Información (RECSI)",
	year = 2018,
	number  = 2,
	volume = 1,
	pages   = {62-65},
	month   = 10,
}

@article{busom,
	author =       "N. Busom, R. Ptrilic, F. Sebé, C. Sorge and M. Valls",
	title =        "Efficient smart metering based on homomorphic encryptation",
	journal =      "Computer Comunications",
	volume =       "82",
	pages =        "95--101",
	year =         "2016",
}

@article{repair-busom,
	author =       "R. Garra, D. Leibenger, J.M Miret and F. Sebé",
	title =        "Repairing an aggregation-based smart metering system",
	journal =      "International Journal of Information Security",
	volume =       "18",
	pages =        "637--646",
	year =         "2019",
}
